@article{denning1968working,
  title={The working set model for program behavior},
  author={Denning, Peter J},
  journal={Communications of the ACM},
  volume={11},
  number={5},
  pages={323--333},
  year={1968},
  publisher={ACM}
}

@article{o1999optimality,
  title={An optimality proof of the {LRU-K} page replacement algorithm},
  author={O'neil, Elizabeth J and O'Neil, Patrick E and Weikum, Gerhard},
  journal={Journal of the ACM (JACM)},
  volume={46},
  number={1},
  pages={92--112},
  year={1999},
  publisher={ACM}
}

@book{hennessy2012computer,
  title={Computer architecture: a quantitative approach},
  author={Hennessy, John L and Patterson, David A},
  year={2012},
  publisher={Elsevier}
}

@book{mckusick2004design,
  title={The design and implementation of the {FreeBSD} operating system},
  author={McKusick, Marshall Kirk and Neville-Neil, George V},
  year={2004},
  publisher={Addison-Wesley Professional}
}

@inproceedings{joseph1997prefetching,
  title={Prefetching using Markov predictors},
  author={Joseph, Doug and Grunwald, Dirk},
  booktitle={ACM SIGARCH Computer Architecture News},
  volume={25},
  number={2},
  pages={252--263},
  year={1997},
  organization={ACM}
}

@article{spragins1965note,
  title={A note on the iterative application of {B}ayes' rule},
  author={Spragins, J},
  journal={Information Theory, IEEE Transactions on},
  volume={11},
  number={4},
  pages={544--549},
  year={1965},
  publisher={IEEE}
}

@article{dempster1977maximum,
  title={Maximum likelihood from incomplete data via the {EM} algorithm},
  author={Dempster, Arthur P and Laird, Nan M and Rubin, Donald B},
  journal={Journal of the Royal Statistical Society. Series B (Methodological)},
  pages={1--38},
  year={1977},
  publisher={JSTOR}
}
% The original EM algorithm paper... almost 35000 citations!

@inproceedings{friedman1998bayesian,
  title={The {B}ayesian structural {EM} algorithm},
  author={Friedman, Nir},
  booktitle={Proceedings of the Fourteenth conference on Uncertainty in artificial intelligence},
  pages={129--138},
  year={1998},
  organization={Morgan Kaufmann Publishers Inc.}
}
% This appears to offer a way to select the model along with the parameters in
% the EM algorithm. That could be handy.

@inproceedings{singh2008evaluating,
  title={Evaluating the Effectiveness of Information Extraction in Real-World Storage Management},
  author={Singh, Aameek and Uttamchandani, Sandeep and Wang, Yin},
  booktitle={Modeling, Analysis and Simulation of Computers and Telecommunication Systems, 2008. MASCOTS 2008. IEEE International Symposium on},
  pages={1--10},
  year={2008},
  organization={IEEE}
}
% This appears to be a survey paper of memory systems... it looks at a layer or two higher than caches, I believe.

@article{sundberg1974maximum,
  title={Maximum likelihood theory for incomplete data from an exponential family},
  author={Sundberg, Rolf},
  journal={Scandinavian Journal of Statistics},
  pages={49--58},
  year={1974},
  publisher={JSTOR}
}
% Apparently developed the EM algorithm for exponential distributions... the scenario is very nice to work with. 

@inproceedings{arc,
  title={{ARC}: A Self-Tuning, Low Overhead Replacement Cache.},
  author={Megiddo, Nimrod and Modha, Dharmendra S},
  booktitle={FAST},
  volume={3},
  pages={115--130},
  year={2003}
}
% An adaptive replacement cache mechanism.

@article{megiddo2003one,
  title={One up on {LRU}},
  author={Megiddo, Nimrod and Modha, Dharmendra S},
  journal={login--The Magazine of the USENIX Association},
  volume={28},
  pages={7--11},
  year={2003}
}
% Has some ARC statistics

@inproceedings{sang2005solving,
  title={Solving {B}ayesian networks by weighted model counting},
  author={Sang, Tian and Beame, Paul and Kautz, Henry},
  booktitle={Proceedings of the Twentieth National Conference on Artificial Intelligence (AAAI-05)},
  volume={1},
  pages={475--482},
  year={2005}
}
% Not related to {B}ayesian caching
% This explores constraint satisfaction problems and only uses dynamic caching as part of their program's optimization.

@techreport{johnson1987virtual,
  title={The virtual port memory multiprocessor architecture},
  author={Johnson, Eric Elliott},
  year={1987},
  institution={New Mexico State Univ., Las Cruces, NM (USA)}
}
% Haven't been able to obtain a copy.
% None of the papers that reference this are interesting.
% The {B}ayes example sounds fascinating.

@article{terry1987caching,
  title={Caching hints in distributed systems},
  author={Terry, Douglas B.},
  journal={Software Engineering, IEEE Transactions on},
  number={1},
  pages={48--54},
  year={1987},
  publisher={IEEE}
}
% Haven't read.

@inproceedings{ding2001improving,
  title={Improving effective bandwidth through compiler enhancement of global cache reuse},
  author={Ding, Chen and Kennedy, Ken},
  booktitle={Parallel and Distributed Processing Symposium., Proceedings 15th International},
  pages={10--pp},
  year={2001},
  organization={IEEE}
}
% This is a thesis from Rice University. It has a fair bit of background material. Of course, it's
% a bit out of date.

@article{StackDepthDist,
  author = {Turner, Rollins and Strecker, Bill},
  title = {Use of the {LRU} Stack Depth Distribution for Simulation of Paging Behavior},
  journal = {Commun. ACM},
  issue_date = {Nov. 1977},
  volume = {20},
  number = {11},
  month = nov,
  year = {1977},
  issn = {0001-0782},
  pages = {795--798},
  numpages = {4},
  url = {http://doi.acm.org/10.1145/359863.359868},
  doi = {10.1145/359863.359868},
  acmid = {359868},
  publisher = {ACM},
  address = {New York, NY, USA},
  keywords = {LRU stack, computer system simulation, headway between page faults, paging, virtual memory, working set},
}

@misc{SPC1,
  title = {{SPC} Trace File Format Specification},
  author = {Storage Performance Council (SPC)},
  note = {Revision 1.0.1},
  year = {2002}
}

@misc{OLTPtraces,
  title = {{UMass} Trace Repository},
  author = {Ken Bates, Bruce McNutt, Storage Performance Council},
  howpublished = {\url{http://traces.cs.umass.edu/index.php/Storage/Storage}},
  note = {Accessed: 2014-04-01}
}

@article{aho1971principles,
  title={Principles of optimal page replacement},
  author={Aho, Alfred V and Denning, Peter J and Ullman, Jeffrey D},
  journal={Journal of the ACM (JACM)},
  volume={18},
  number={1},
  pages={80--93},
  year={1971},
  publisher={ACM}
}

@inproceedings{o1993lru,
  title={The {LRU-K} page replacement algorithm for database disk buffering},
  author={O'neil, Elizabeth J and O'neil, Patrick E and Weikum, Gerhard},
  booktitle={ACM SIGMOD Record},
  volume={22},
  number={2},
  pages={297--306},
  year={1993},
  organization={ACM}
}

@article{johnson1994x3,
  title={{2Q}: A Low Overhead High Performance Buffer Management Replacement
    Algorithm},
  author={Johnson, Theodore and Shasha, Dennis},
  year={1994}
}
% This is what the PostgreSQL folks went with in order to avoid the ARC
% patent.

@article{kim2001lrfu,
  title={{LRFU}: A spectrum of policies that subsumes the least recently used and
    least frequently used policies},
  author={Kim, Chong Sang},
  journal={IEEE transactions on Computers},
  volume={50},
  number={12},
  pages={1352--1361},
  year={2001}
}

@incollection{neal1998view,
  title={A view of the {EM} algorithm that justifies incremental, sparse, and
    other variants},
  author={Neal, Radford M and Hinton, Geoffrey E},
  booktitle={Learning in graphical models},
  pages={355--368},
  year={1998},
  publisher={Springer}
}

@misc{supplimental,
  author = {Evans, Logan},
  title = {{MMC}},
  year = {2014},
  publisher = {GitHub},
  journal = {GitHub repository},
  howpublished = {\url{https://github.com/LoganEvans/MMC}},
  commit = {12345}
}

@article{wu1983convergence,
  title={On the convergence properties of the {EM} algorithm},
  author={Wu, CF Jeff},
  journal={The Annals of statistics},
  pages={95--103},
  year={1983},
  publisher={JSTOR}
}

@article{karlis2003choosing,
  title={Choosing initial values for the {EM} algorithm for finite mixtures},
  author={Karlis, Dimitris and Xekalaki, Evdokia},
  journal={Computational Statistics \& Data Analysis},
  volume={41},
  number={3},
  pages={577--590},
  year={2003},
  publisher={Elsevier}
}

@article{murphybinomial,
  title={Binomial and multinomial distributions},
  author={Murphy, Kevin P}
}

@article{wolf1991data,
  title={A data locality optimizing algorithm},
  author={Wolf, Michael E and Lam, Monica S},
  journal={ACM Sigplan Notices},
  volume={26},
  number={6},
  pages={30--44},
  year={1991},
  publisher={ACM}
}

@book{patterson1988case,
  title={A case for redundant arrays of inexpensive disks ({RAID})},
  author={Patterson, David A and Gibson, Garth and Katz, Randy H},
  volume={17},
  number={3},
  year={1988},
  publisher={ACM}
}

@inproceedings{roberson2003ule,
  title={{ULE}: A Modern Scheduler for {FreeBSD}.},
  author={Roberson, Jeff},
  booktitle={BSDCon},
  pages={17--28},
  year={2003}
}

@article{wood1983minimization,
  title={Minimization of demand paging for the {LRU} stack model of program
    behavior},
  author={Wood, Christopher and Fernandez, Eduardo B and Lang, Tomas},
  journal={Information Processing Letters},
  volume={16},
  number={2},
  pages={99--104},
  year={1983},
  publisher={Elsevier}
}

@book{robinson1990data,
  title={Data cache management using frequency-based replacement},
  author={Robinson, John T and Devarakonda, Murthy V},
  volume={18},
  number={1},
  year={1990},
  publisher={ACM}
}

@book{intro_to_statistical_learning,
  title={An Introduction to Statistical Learning},
  author={James, G and Witten, D and Hastie, T and Tibishirani, R},
  volume={103},
  year={2013},
  publisher={Springer}
}

@book{tanenbaum2007modern,
  title={Modern operating systems},
  author={Tanenbaum, Andrew S},
  year={2007},
  publisher={Prentice Hall Press}
}

@article{jiang2002lirs,
  title={LIRS: an efficient low inter-reference recency set replacement policy to improve buffer cache performance},
  author={Jiang, Song and Zhang, Xiaodong},
  journal={ACM SIGMETRICS Performance Evaluation Review},
  volume={30},
  number={1},
  pages={31--42},
  year={2002},
  publisher={ACM}
}

